<collection xmlns="http://www.loc.gov/MARC21/slim">
<record>
  <leader>00679nam0a22001811i 450 </leader>
  <controlfield tag="001">IT\ICCU\CNCE\058480</controlfield>
  <controlfield tag="005">20040605000000.0</controlfield>
  <datafield tag="100" ind1=" " ind2=" ">
    <subfield code="a">20040605d1594        0itac0103    ba</subfield>
  </datafield>
  <datafield tag="101" ind1=" " ind2=" ">
    <subfield code="a">ITA</subfield>
  </datafield>
  <datafield tag="102" ind1=" " ind2=" ">
    <subfield code="a">IT</subfield>
  </datafield>
  <datafield tag="200" ind1="1" ind2=" ">
    <subfield code="a">Auiso venuto da Viena, doue s&apos;intende la persa della fortezza di Giauarino. Con vna narratione del campo</subfield>
  </datafield>
  <datafield tag="210" ind1=" " ind2=" ">
    <subfield code="a">In Verona</subfield>
    <subfield code="c">per Francesco dalle Donne</subfield>
    <subfield code="d">1594</subfield>
  </datafield>
  <datafield tag="215" ind1=" " ind2=" ">
    <subfield code="a">\4! c.</subfield>
    <subfield code="d">8ʻ</subfield>
  </datafield>
  <datafield tag="620" ind1=" " ind2=" ">
    <subfield code="a">IT</subfield>
    <subfield code="d">Verona</subfield>
  </datafield>
  <datafield tag="712" ind1="0" ind2="0">
    <subfield code="a">Dalle_Donne, Francesco</subfield>
    <subfield code="3">IT\ICCU\CNCT\001175</subfield>
    <subfield code="4">650</subfield>
  </datafield>
  <datafield tag="791" ind1="0" ind2="0">
    <subfield code="a">Donnis, Franciscus a</subfield>
    <subfield code="3">IT\ICCU\CNCT\003703</subfield>
    <subfield code="z">Dalle_Donne, Francesco</subfield>
  </datafield>
  <datafield tag="791" ind1="0" ind2="0">
    <subfield code="a">Donne, Francesco dalle</subfield>
    <subfield code="3">IT\ICCU\CNCT\004478</subfield>
    <subfield code="z">Dalle_Donne, Francesco</subfield>
  </datafield>
  <datafield tag="801" ind1=" " ind2="3">
    <subfield code="a">IT</subfield>
    <subfield code="b">ICCU</subfield>
    <subfield code="c">20201115</subfield>
  </datafield>
</record>
</collection>
